% Encoding: UTF-8

@article{thompson1999sonochemistry,
	title={Sonochemistry: science and engineering},
	author={Thompson, Leigh Hagenson and Doraiswamy, LK},
	journal={Industrial \& Engineering Chemistry Research},
	volume={38},
	number={4},
	pages={1215--1249},
	year={1999},
	publisher={ACS Publications}
}
@article{shang2022investigation,
	title={Investigation of the Dynamics of Cavitation Bubbles in a Microfluidic Channel with Actuations},
	author={Shang, Xiaopeng and Huang, Xiaoyang},
	journal={Micromachines},
	volume={13},
	number={2},
	pages={203},
	year={2022},
	publisher={MDPI}
}

@article{peng2019simulation,
	title={Simulation of multiple cavitation bubbles interaction with single-component multiphase Lattice Boltzmann method},
	author={Peng, Chi and Tian, Shouceng and Li, Gensheng and Sukop, Michael C},
	journal={International Journal of Heat and Mass Transfer},
	volume={137},
	pages={301--317},
	year={2019},
	publisher={Elsevier}
}
@article{sudhakar2020evolution,
	title={Evolution of multiphase lattice Boltzmann method: A review},
	author={Sudhakar, T and Das, Arup Kumar},
	journal={Journal of The Institution of Engineers (India): Series C},
	volume={101},
	number={4},
	pages={711--719},
	year={2020},
	publisher={Springer}
}
@inproceedings{ogloblina2018simulation,
	title={Simulation and analysis of collapsing vapor-bubble clusters with special emphasis on potentially erosive impact loads at walls},
	author={Ogloblina, Daria and Schmidt, Steffen J and Adams, Nikolaus A},
	booktitle={EPJ Web of Conferences},
	volume={180},
	pages={02079},
	year={2018},
	organization={EDP Sciences}
}
@article{shang2022investigation,
	title={Investigation of the Dynamics of Cavitation Bubbles in a Microfluidic Channel with Actuations},
	author={Shang, Xiaopeng and Huang, Xiaoyang},
	journal={Micromachines},
	volume={13},
	number={2},
	pages={203},
	year={2022},
	publisher={MDPI}
}
@article{koch2016numerical,
	title={Numerical modeling of laser generated cavitation bubbles with the finite volume and volume of fluid method, using OpenFOAM},
	author={Koch, Max and Lechner, Christiane and Reuter, Fabian and K{\"o}hler, Karsten and Mettin, Robert and Lauterborn, Werner},
	journal={Computers \& Fluids},
	volume={126},
	pages={71--90},
	year={2016},
	publisher={Elsevier}
}
@article{liu2021study,
	title={Study on the collapse process of cavitation bubbles including heat transfer by lattice Boltzmann method},
	author={Liu, Yang and Peng, Yong},
	journal={Journal of Marine Science and Engineering},
	volume={9},
	number={2},
	pages={219},
	year={2021},
	publisher={MDPI}
}
@article{yxl2020numerical,
	title={Numerical simulation of effects of vapor and liquid phase viscosity coefficients on cavitation bubble collapse process},
	author={yuanxiaolong and hexiaolong and wangkaidi},
	journal={Advances in Science and Technology of Water Resources},
	volume={40},
	number={5},
	pages={19--23},
	year={2020}
}
@article{mao2018study,
	title={Study of cavitation bubble collapse near a wall by the modified lattice Boltzmann method},
	author={Mao, Yunfei and Peng, Yong and Zhang, Jianmin},
	journal={Water},
	volume={10},
	number={10},
	pages={1439},
	year={2018},
	publisher={MDPI}
}
@article{shan2021investigation,
	title={Investigation of cavitation bubble collapse in hydrophobic concave using the pseudopotential multi-relaxation-time lattice Boltzmann method},
	author={Shan, Minglei and Yang, Yu and Zhao, Xuemeng and Han, Qingbang and Yao, Cheng},
	journal={Chinese Physics B},
	volume={30},
	number={4},
	pages={044701},
	year={2021},
	publisher={IOP Publishing}
}
@article{peng2020simulation,
	title={Simulation of laser-produced single cavitation bubbles with hybrid thermal Lattice Boltzmann method},
	author={Peng, Chi and Tian, Shouceng and Li, Gensheng and Sukop, Michael C},
	journal={International Journal of Heat and Mass Transfer},
	volume={149},
	pages={119136},
	year={2020},
	publisher={Elsevier}
}
@inproceedings{brunton2017discovering,
	title={Discovering governing equations from data by sparse identification of nonlinear dynamics},
	author={Brunton, Steven},
	booktitle={APS March Meeting Abstracts},
	volume={2017},
	pages={X49--004},
	year={2017}
}
@article{kruger2017lattice,
	title={The lattice Boltzmann method},
	author={Kr{\"u}ger, Timm and Kusumaatmaja, Halim and Kuzmin, Alexandr and Shardt, Orest and Silva, Goncalo and Viggen, Erlend Magnus},
	journal={Springer International Publishing},
	volume={10},
	number={978-3},
	pages={4--15},
	year={2017},
	publisher={Springer}
}
@book{mohamad2011lattice,
	title={Lattice boltzmann method},
	author={Mohamad, AA},
	volume={70},
	year={2011},
	publisher={Springer}
}
@article{shan1993lattice,
	title={Lattice Boltzmann model for simulating flows with multiple phases and components},
	author={Shan, Xiaowen and Chen, Hudong},
	journal={Physical review E},
	volume={47},
	number={3},
	pages={1815},
	year={1993},
	publisher={APS}
}
@book{brennen2014cavitation,
	title={Cavitation and bubble dynamics},
	author={Brennen, Christopher E},
	year={2014},
	publisher={Cambridge university press}
}
@article{ezzatneshan2021dynamics,
title={Dynamics of an acoustically driven cavitation bubble cluster in the vicinity of a solid surface},
author={Ezzatneshan, Eslam and Vaseghnia, Hamed},
journal={Physics of Fluids},
volume={33},
number={12},
year={2021},
publisher={AIP Publishing}
}
@article{shi2020numerical,
	title={A numerical study of the early-stage dynamics of a bubble cluster},
	author={Shi, Ya-zhen and Luo, Kai and Chen, Xiao-peng and Li, Dai-jin},
	journal={Journal of Hydrodynamics},
	volume={32},
	pages={845--852},
	year={2020},
	publisher={Springer}
}
@article{huang2019thermodynamic,
	title={Thermodynamic consistency of a pseudopotential lattice Boltzmann fluid with interface curvature},
	author={Huang, Jingwei and Yin, Xiaolong and Killough, John},
	journal={Physical Review E},
	volume={100},
	number={5},
	pages={053304},
	year={2019},
	publisher={APS}
}
@article{porter2012multicomponent,
	title={Multicomponent interparticle-potential lattice Boltzmann model for fluids with large viscosity ratios},
	author={Porter, Mark L and Coon, ET and Kang, Qinjun and Moulton, JD and Carey, JW},
	journal={Physical Review E},
	volume={86},
	number={3},
	pages={036701},
	year={2012},
	publisher={APS}
}
@article{liu2010modified,
	title={A modified pseudopotential for a lattice Boltzmann simulation of bubbly flow},
	author={Liu, Malin and Yu, Zhao and Wang, Tiefeng and Wang, Jinfu and Fan, Liang-Shih},
	journal={Chemical Engineering Science},
	volume={65},
	number={20},
	pages={5615--5623},
	year={2010},
	publisher={Elsevier}
}

@article{peng2018single,
	title={Single-component multiphase lattice Boltzmann simulation of free bubble and crevice heterogeneous cavitation nucleation},
	author={Peng, Chi and Tian, Shouceng and Li, Gensheng and Sukop, Michael C},
	journal={Physical Review E},
	volume={98},
	number={2},
	pages={023305},
	year={2018},
	publisher={APS}
}

@article{chen1998lattice,
	title={Lattice Boltzmann method for fluid flows},
	author={Chen, Shiyi and Doolen, Gary D},
	journal={Annual review of fluid mechanics},
	volume={30},
	number={1},
	pages={329--364},
	year={1998},
	publisher={Annual Reviews 4139 El Camino Way, PO Box 10139, Palo Alto, CA 94303-0139, USA}
}
@article{guo2009theory,
	title={Theory and applications of lattice Boltzmann method},
	author={Guo, Z Li and Zheng, CG},
	journal={Science, Beijing},
	year={2009}
}
@article{yang2013comparison,
	title={A comparison study of multi-component Lattice Boltzmann models for flow in porous media applications},
	author={Yang, Jianhui and Boek, Edo S},
	journal={Computers \& Mathematics with Applications},
	volume={65},
	number={6},
	pages={882--890},
	year={2013},
	publisher={Elsevier}
}
@article{leclaire2012numerical,
	title={Numerical evaluation of two recoloring operators for an immiscible two-phase flow lattice Boltzmann model},
	author={Leclaire, S{\'e}bastien and Reggio, Marcelo and Tr{\'e}panier, Jean-Yves},
	journal={Applied Mathematical Modelling},
	volume={36},
	number={5},
	pages={2237--2252},
	year={2012},
	publisher={Elsevier}
}
@article{latva2005diffusion,
	title={Diffusion properties of gradient-based lattice Boltzmann models of immiscible fluids},
	author={Latva-Kokko, M and Rothman, Daniel H},
	journal={Physical Review E},
	volume={71},
	number={5},
	pages={056702},
	year={2005},
	publisher={APS}
}
@article{ba2016multiple,
	title={Multiple-relaxation-time color-gradient lattice Boltzmann model for simulating two-phase flows with high density ratio},
	author={Ba, Yan and Liu, Haihu and Li, Qing and Kang, Qinjun and Sun, Jinju},
	journal={Physical Review E},
	volume={94},
	number={2},
	pages={023310},
	year={2016},
	publisher={APS}
}
@article{leclaire2013enhanced,
	title={Enhanced equilibrium distribution functions for simulating immiscible multiphase flows with variable density ratios in a class of lattice Boltzmann models},
	author={Leclaire, S{\'e}bastien and Pellerin, Nicolas and Reggio, Marcelo and Tr{\'e}panier, Jean-Yves},
	journal={International Journal of Multiphase Flow},
	volume={57},
	pages={159--168},
	year={2013},
	publisher={Elsevier}
}
@article{huang2013simulations,
	title={On simulations of high-density ratio flows using color-gradient multiphase lattice Boltzmann models},
	author={Huang, Haibo and Huang, Jun-Jie and Lu, Xi-Yun and Sukop, Michael C},
	journal={International Journal of Modern Physics C},
	volume={24},
	number={04},
	pages={1350021},
	year={2013},
	publisher={World Scientific}
}
@article{reis2007lattice,
	title={Lattice Boltzmann model for simulating immiscible two-phase flows},
	author={Reis, Timothy and Phillips, Timothy Nigel},
	journal={Journal of Physics A: Mathematical and Theoretical},
	volume={40},
	number={14},
	pages={4033},
	year={2007},
	publisher={IOP Publishing}
}
@article{anwar2019three,
	title={Three-dimensional modeling of coalescence of bubbles using Lattice Boltzmann model},
	author={Anwar, Shadab},
	journal={Computers \& Fluids},
	volume={184},
	pages={178--186},
	year={2019},
	publisher={Elsevier}
}
@article{leclaire2017generalized,
	title={Generalized three-dimensional lattice Boltzmann color-gradient method for immiscible two-phase pore-scale imbibition and drainage in porous media},
	author={Leclaire, S{\'e}bastien and Parmigiani, Andrea and Malaspinas, Orestis and Chopard, Bastien and Latt, Jonas},
	journal={Physical Review E},
	volume={95},
	number={3},
	pages={033306},
	year={2017},
	publisher={APS}
}
@article{gong2012numerical,
	title={Numerical investigation of droplet motion and coalescence by an improved lattice Boltzmann model for phase transitions and multiphase flows},
	author={Gong, Shuai and Cheng, Ping},
	journal={Computers \& Fluids},
	volume={53},
	pages={93--104},
	year={2012},
	publisher={Elsevier}
}
@article{banari2014efficient,
	title={Efficient GPGPU implementation of a lattice Boltzmann model for multiphase flows with high density ratios},
	author={Banari, Amir and Jan{\ss}en, Christian and Grilli, Stephan T and Krafczyk, Manfred},
	journal={Computers \& Fluids},
	volume={93},
	pages={1--17},
	year={2014},
	publisher={Elsevier}
}
@article{verdier2020performance,
	title={Performance portability of lattice Boltzmann methods for two-phase flows with phase change},
	author={Verdier, Werner and Kestener, Pierre and Cartalade, Alain},
	journal={Computer Methods in Applied Mechanics and Engineering},
	volume={370},
	pages={113266},
	year={2020},
	publisher={Elsevier}
}
@article{chang2021lattice,
	title={Lattice Boltzmann simulations of bubble interactions on GPU cluster},
	author={Chang, Chien-Yi and Yang, Ching-Wen and Lin, Fang-Ting and Chiu, Tzu-Hsuan and Lin, Chao-an},
	journal={Journal of the Chinese Institute of Engineers},
	volume={44},
	number={5},
	pages={491--500},
	year={2021},
	publisher={Taylor \& Francis}
}
@article{huang2011evaluation,
	title={Evaluation of three lattice Boltzmann models for multiphase flows in porous media},
	author={Huang, Haibo and Wang, Lei and Lu, Xi-yun},
	journal={Computers \& Mathematics with Applications},
	volume={61},
	number={12},
	pages={3606--3617},
	year={2011},
	publisher={Elsevier}
}
@article{yang2021simplified,
	title={A simplified lattice Boltzmann flux solver for multiphase flows with large density ratio},
	author={Yang, Liuming and Shu, Chang and Chen, Zhen and Wang, Yan and Hou, Guoxiang},
	journal={International Journal for Numerical Methods in Fluids},
	volume={93},
	number={6},
	pages={1895--1912},
	year={2021},
	publisher={Wiley Online Library}
}
@article{yuan2021modelling,
	title={Modelling of double bubbles coalescence behavior on different wettability walls using LBM method},
	author={Yuan, Junjie and Weng, Zhihao and Shan, Yanguang},
	journal={International Journal of Thermal Sciences},
	volume={168},
	pages={107037},
	year={2021},
	publisher={Elsevier}
}
@article{li2012forcing,
	title={Forcing scheme in pseudopotential lattice Boltzmann model for multiphase flows},
	author={Li, Q and Luo, Kai Hong and Li, XJ and others},
	journal={Physical Review E},
	volume={86},
	number={1},
	pages={016709},
	year={2012},
	publisher={APS}
}
@article{shan2006analysis,
	title={Analysis and reduction of the spurious current in a class of multiphase lattice Boltzmann models},
	author={Shan, Xiaowen},
	journal={Physical Review E},
	volume={73},
	number={4},
	pages={047701},
	year={2006},
	publisher={APS}
}
@article{zhang2003lattice,
	title={Lattice Boltzmann method for simulations of liquid-vapor thermal flows},
	author={Zhang, Raoyang and Chen, Hudong},
	journal={Physical Review E},
	volume={67},
	number={6},
	pages={066711},
	year={2003},
	publisher={APS}
}
@article{hu2013equations,
	title={On equations of state in pseudo-potential multiphase lattice Boltzmann model with large density ratio},
	author={Hu, Anjie and Li, Longjian and Chen, Sixu and Liao, Quan and Zeng, Jianbang},
	journal={International Journal of Heat and Mass Transfer},
	volume={67},
	pages={159--163},
	year={2013},
	publisher={Elsevier}
}
@article{gong2012numerical,
	title={Numerical investigation of droplet motion and coalescence by an improved lattice Boltzmann model for phase transitions and multiphase flows},
	author={Gong, Shuai and Cheng, Ping},
	journal={Computers \& Fluids},
	volume={53},
	pages={93--104},
	year={2012},
	publisher={Elsevier}
}
@article{liu2010modified,
	title={A modified pseudopotential for a lattice Boltzmann simulation of bubbly flow},
	author={Liu, Malin and Yu, Zhao and Wang, Tiefeng and Wang, Jinfu and Fan, Liang-Shih},
	journal={Chemical Engineering Science},
	volume={65},
	number={20},
	pages={5615--5623},
	year={2010},
	publisher={Elsevier}
}
@article{kupershtokh2011lattice,
	title={A lattice Boltzmann equation method for real fluids with the equation of state known in tabular form only in regions of liquid and vapor phases},
	author={Kupershtokh, Alexander L},
	journal={Computers \& Mathematics with Applications},
	volume={61},
	number={12},
	pages={3537--3548},
	year={2011},
	publisher={Elsevier}
}
@article{zheng2018unified,
	title={A unified framework for sparse relaxed regularized regression: SR3},
	author={Zheng, Peng and Askham, Travis and Brunton, Steven L and Kutz, J Nathan and Aravkin, Aleksandr Y},
	journal={IEEE Access},
	volume={7},
	pages={1404--1423},
	year={2018},
	publisher={IEEE}
}
@Comment{jabref-meta: databaseType:bibtex;}
@article{huang2019thermodynamic,
	title={Thermodynamic consistency of a pseudopotential lattice Boltzmann fluid with interface curvature},
	author={Huang, Jingwei and Yin, Xiaolong and Killough, John},
	journal={Physical Review E},
	volume={100},
	number={5},
	pages={053304},
	year={2019},
	publisher={APS}
}
@article{ezzatneshan2020simulation,
	title={Simulation of collapsing cavitation bubbles in various liquids by lattice Boltzmann model coupled with the Redlich-Kwong-Soave equation of state},
	author={Ezzatneshan, Eslam and Vaseghnia, Hamed},
	journal={Physical Review E},
	volume={102},
	number={5},
	pages={053309},
	year={2020},
	publisher={APS}
}
@article{gai2022lbm,
	title={LBM study of ice nucleation induced by the collapse of cavitation bubbles},
	author={Gai, Shaolei and Peng, Zhengbiao and Moghtaderi, Behdad and Yu, Jianglong and Doroodchi, Elham},
	journal={Computers \& Fluids},
	volume={246},
	pages={105616},
	year={2022},
	publisher={Elsevier}
}