% Encoding: UTF-8

@article{thompson1999sonochemistry,
	title={Sonochemistry: science and engineering},
	author={Thompson, Leigh Hagenson and Doraiswamy, LK},
	journal={Industrial \& Engineering Chemistry Research},
	volume={38},
	number={4},
	pages={1215--1249},
	year={1999},
	publisher={ACS Publications}
}

@article{peng2019simulation,
	title={Simulation of multiple cavitation bubbles interaction with single-component multiphase Lattice Boltzmann method},
	author={Peng, Chi and Tian, Shouceng and Li, Gensheng and Sukop, Michael C},
	journal={International Journal of Heat and Mass Transfer},
	volume={137},
	pages={301--317},
	year={2019},
	publisher={Elsevier}
}
@article{sudhakar2020evolution,
	title={Evolution of multiphase lattice Boltzmann method: A review},
	author={Sudhakar, T and Das, Arup Kumar},
	journal={Journal of The Institution of Engineers (India): Series C},
	volume={101},
	number={4},
	pages={711--719},
	year={2020},
	publisher={Springer}
}
@inproceedings{ogloblina2018simulation,
	title={Simulation and analysis of collapsing vapor-bubble clusters with special emphasis on potentially erosive impact loads at walls},
	author={Ogloblina, Daria and Schmidt, Steffen J and Adams, Nikolaus A},
	booktitle={EPJ Web of Conferences},
	volume={180},
	pages={02079},
	year={2018},
	organization={EDP Sciences}
}
@article{shang2022investigation,
	title={Investigation of the Dynamics of Cavitation Bubbles in a Microfluidic Channel with Actuations},
	author={Shang, Xiaopeng and Huang, Xiaoyang},
	journal={Micromachines},
	volume={13},
	number={2},
	pages={203},
	year={2022},
	publisher={MDPI}
}
@article{koch2016numerical,
	title={Numerical modeling of laser generated cavitation bubbles with the finite volume and volume of fluid method, using OpenFOAM},
	author={Koch, Max and Lechner, Christiane and Reuter, Fabian and K{\"o}hler, Karsten and Mettin, Robert and Lauterborn, Werner},
	journal={Computers \& Fluids},
	volume={126},
	pages={71--90},
	year={2016},
	publisher={Elsevier}
}
@article{liu2021study,
	title={Study on the collapse process of cavitation bubbles including heat transfer by lattice Boltzmann method},
	author={Liu, Yang and Peng, Yong},
	journal={Journal of Marine Science and Engineering},
	volume={9},
	number={2},
	pages={219},
	year={2021},
	publisher={MDPI}
}
@article{袁晓龙2020numerical,
	title={Numerical simulation of effects of vapor and liquid phase viscosity coefficients on cavitation bubble collapse process},
	author={袁晓龙 and 何小泷 and 汪凯迪},
	journal={Advances in Science and Technology of Water Resources},
	volume={40},
	number={5},
	pages={19--23},
	year={2020}
}
@article{mao2018study,
	title={Study of cavitation bubble collapse near a wall by the modified lattice Boltzmann method},
	author={Mao, Yunfei and Peng, Yong and Zhang, Jianmin},
	journal={Water},
	volume={10},
	number={10},
	pages={1439},
	year={2018},
	publisher={MDPI}
}
@article{shan2021investigation,
	title={Investigation of cavitation bubble collapse in hydrophobic concave using the pseudopotential multi-relaxation-time lattice Boltzmann method},
	author={Shan, Minglei and Yang, Yu and Zhao, Xuemeng and Han, Qingbang and Yao, Cheng},
	journal={Chinese Physics B},
	volume={30},
	number={4},
	pages={044701},
	year={2021},
	publisher={IOP Publishing}
}
@article{peng2020simulation,
	title={Simulation of laser-produced single cavitation bubbles with hybrid thermal Lattice Boltzmann method},
	author={Peng, Chi and Tian, Shouceng and Li, Gensheng and Sukop, Michael C},
	journal={International Journal of Heat and Mass Transfer},
	volume={149},
	pages={119136},
	year={2020},
	publisher={Elsevier}
}
@inproceedings{brunton2017discovering,
	title={Discovering governing equations from data by sparse identification of nonlinear dynamics},
	author={Brunton, Steven},
	booktitle={APS March Meeting Abstracts},
	volume={2017},
	pages={X49--004},
	year={2017}
}
@article{kruger2017lattice,
	title={The lattice Boltzmann method},
	author={Kr{\"u}ger, Timm and Kusumaatmaja, Halim and Kuzmin, Alexandr and Shardt, Orest and Silva, Goncalo and Viggen, Erlend Magnus},
	journal={Springer International Publishing},
	volume={10},
	number={978-3},
	pages={4--15},
	year={2017},
	publisher={Springer}
}
@book{mohamad2011lattice,
	title={Lattice boltzmann method},
	author={Mohamad, AA},
	volume={70},
	year={2011},
	publisher={Springer}
}
@article{shan1993lattice,
	title={Lattice Boltzmann model for simulating flows with multiple phases and components},
	author={Shan, Xiaowen and Chen, Hudong},
	journal={Physical review E},
	volume={47},
	number={3},
	pages={1815},
	year={1993},
	publisher={APS}
}
@article{shi2020numerical,
	title={A numerical study of the early-stage dynamics of a bubble cluster},
	author={Shi, Ya-zhen and Luo, Kai and Chen, Xiao-peng and Li, Dai-jin},
	journal={Journal of Hydrodynamics},
	volume={32},
	pages={845--852},
	year={2020},
	publisher={Springer}
}

@article{huang2019thermodynamic,
	title={Thermodynamic consistency of a pseudopotential lattice Boltzmann fluid with interface curvature},
	author={Huang, Jingwei and Yin, Xiaolong and Killough, John},
	journal={Physical Review E},
	volume={100},
	number={5},
	pages={053304},
	year={2019},
	publisher={APS}
}
@article{porter2012multicomponent,
	title={Multicomponent interparticle-potential lattice Boltzmann model for fluids with large viscosity ratios},
	author={Porter, Mark L and Coon, ET and Kang, Qinjun and Moulton, JD and Carey, JW},
	journal={Physical Review E},
	volume={86},
	number={3},
	pages={036701},
	year={2012},
	publisher={APS}
}
@article{liu2010modified,
	title={A modified pseudopotential for a lattice Boltzmann simulation of bubbly flow},
	author={Liu, Malin and Yu, Zhao and Wang, Tiefeng and Wang, Jinfu and Fan, Liang-Shih},
	journal={Chemical Engineering Science},
	volume={65},
	number={20},
	pages={5615--5623},
	year={2010},
	publisher={Elsevier}
}
@article{ezzatneshan2021dynamics,
	title={Dynamics of an acoustically driven cavitation bubble cluster in the vicinity of a solid surface},
	author={Ezzatneshan, Eslam and Vaseghnia, Hamed},
	journal={Physics of Fluids},
	volume={33},
	number={12},
	year={2021},
	publisher={AIP Publishing}
}
@article{peng2018single,
	title={Single-component multiphase lattice Boltzmann simulation of free bubble and crevice heterogeneous cavitation nucleation},
	author={Peng, Chi and Tian, Shouceng and Li, Gensheng and Sukop, Michael C},
	journal={Physical Review E},
	volume={98},
	number={2},
	pages={023305},
	year={2018},
	publisher={APS}
}
@article{champion2020unified,
  title={A unified sparse optimization framework to learn parsimonious physics-informed models from data},
  author={Champion, Kathleen and Zheng, Peng and Aravkin, Aleksandr Y and Brunton, Steven L and Kutz, J Nathan},
  journal={IEEE Access},
  volume={8},
  pages={169259--169271},
  year={2020},
  publisher={IEEE}
}
@article{zheng2018sparse,
  title={Sparse relaxed regularized regression: SR3},
  author={Zheng, Peng and Askham, Travis and Brunton, Steven L and Kutz, J Nathan and Aravkin, AV},
  journal={stat},
  volume={1050},
  pages={18},
  year={2018}
}
@Comment{jabref-meta: databaseType:bibtex;}
